%%
%%      BibTeX file for Prof. Zaida Luthey-Schulten's Group zlsgroup.bib
%%
%%
%%      Before you add a new article to the group.bib
%%      please search for ALL occurances of the key, using
%%      the following naming conventions.
%%
%%      Naming conventions for keys to articles
%%
%%      1. Use the ENTIRE last name of the FIRST author 
%%
%%         ex. authors={Assaf, Michael and Roberts...}
%%             {Assaf}
%%
%%      2. Append the ENTIRE year to the bib code
%%        
%%         ex. year="2011",
%%             {Assaf2011}
%%
%%      3. Append the first letter/character from the VERY FIRST 3 words
%%         of the title to the end of the name
%%
%%         ex. title={{Determining the stability of genetic switches:..}}
%%             {Assaf2011dts}
%%
%%         ex. title={3-dimensional model for the hormone binding domains of steroid receptors }
%%             {3dm}
%%
%%      NOTE: include the file journals.bib before including this file.
%%
%%**********************************************

%% ------------ unpublished ----------------- %%
@unpublished{Hallock2012lts,
   author={Hallock, M.J. and Stone, J. E. and Roberts, E. and Fry, C. and Luthey-Schulten, Z.},
   title={Long time-scale simulations of in vivo reaction diffusion processes on multiple GPUs},
   Journal={},
   year=2012,
   note="Submitted"
}

@unpublished{Eargle2011eos,
   author={Eargle, J. and  Li, L. and Palencia, A. and Cusack, S. and Martinis, S. and Luthey-Schulten, Z.},
   title={{Evolution of Specificity in Class I aaRS Structure Based on Dynamical Networks}},
   Journal={},
   year="2011",
   note="In preparation"
}  

@unpublished{Li2011als,
   author={Li, L. and Martinis S. A. and Luthey-Schulten, Z.},
   title={{Atomic level simulation revealed energy landscape of {A}{T}{P} binding to {G}lu{R}{S}}},
   Journal=JACS,
   year="2011",
   note="Submitted"
}

%% ------------ 2013 ----------------- %%
@Article{Peterson2013,
   author={J.R. Peterson and M.J. Hallock and J.A. Cole and Z. Luthey-Schulten},
   title={{A Problem Solving Environment for Stochastic Biological Simulations}},
   Journal={{Proceedings High Performance Computing  Networking, Storage and Analysis Companion (SCC)}},
   year="2013"
}

@incollection{BookChapter,
  author={J. Cole and M.J. Hallock and Piyush Labhsetwar and J.R. Peterson and J. Stone and Z. Luthey-Schulten},
  editor={A. Kriete and R. Eils},
  title={{Stochastic Simulations of Cellular Processes: From Single Cells to Colonies.}},
  booktitle={{Computational Systems Biology 2nd Edition: From Molecular Mechanisms to Disease}},
  chapter={13},
  publisher={Elsevier},
  year={2014}
}

@Article{Lai2013sii,
   author={Lai, Jonathan and Chen, Ke, and Luthey-Schulten, Zaida},
   title={Structural Intermediates in the Early Assembly of the Ribosomal Small Subunit},
   Journal=JPCB,
   year=2013,
   Issue={117},
   Volume={42},
   doi={10.1021/jp404106r},
   Pages = {13335â€“13345}
}

@Article{Labhsetwar2013hip,
	author={Labhsetwar, P. and Cole, J.A. and Roberts, E. and Price, N.D. and Luthey-Schulten, Z.},
	title={Heterogeneity in protein expression induces metabolic variability in a modeled Escherichia coli population},
	Journal=PNAS,
	year=2013
}

@Article{Earnest2013dli,
   author={Earnest, T. and Roberts, E. and Assaf, M. and Dahmen, K. and Luthey-Schulten, Z.},
   title={{DNA looping increases range of bistability in a stochastic model of the~\emph{lac} genetic switch}},
   Journal=PB,
   year=2013,
   Issue={2},
   Volume={10}
}

@Article{Li2013caq,
   author={Li, Li and Martinis, Susan A. and Luthey-Schulten, Z.},
   title={{Capture and Quality Control Mechanisms for Adenosine-5'-triphosphate Binding}},
   Journal=JACS,
   year=2013,
   volume = {135},
   number = {16},
   pages = {6047-6055},
   doi = {10.1021/ja308044w},
   URL = {http://pubs.acs.org/doi/abs/10.1021/ja308044w},
   eprint = {http://pubs.acs.org/doi/pdf/10.1021/ja308044w}
}

@Article{Roberts2013lmh,
   author={Roberts, E. and Stone, J. E. and Luthey-Schulten, Z.},
   title={Lattice Microbes: high-performace stochastic simulation method for the reaction-diffusion master equation},
   Journal=JCC,
   Year=2013,
   Issue={32},
   Volume={3},
   Pages={245--255} 
}

@Article{VanWart2012erc,
   author={VanWart, A. and Eargle, J. and Luthey-Schulten, Z. and Amaro, R.},
   title={Exploring residue component contributions to dynamical network models of allostery},
   Journal=JCTC,
   Year=2012,
   Issue={8},
   Volume={8},
   Pages={2949--2961}
}

@Article{Eargle2012nv3,
   author={Eargle, J. and Luthey-Schulten, Z.},
   title={{NetworkView}: {3D} display and analysis of dynamic structure networks},
   Journal=BINF,
   Year=2012,
   Eprint={http://bioinformatics.oxfordjournals.org/content/early/2012/09/14/bioinformatics.bts546.full.pdf+html},
   Volume={28},
   Issue={22},
   Pages={3000--3001}
}

@Article{Chen2012aot,
   author={Chen, K. and Eargle, J. and Lai, J. and Kim, H. and Ha, T. and Abeysirigunawardena, T. and Mayerle, M. and Woodson, S. and Luthey-Schulten, Z.},
   title={{Assembly of the fiveway junction in the ribosomal small subunit using hybrid MD/G\=o simulation}},
   Journal=JPCB,
   Year="2012",
   Volume={116},
   Issue={23},
   Pages={6819--6831}
}

@InBook{Eargle2012mds,
   author={Eargle, J. and Luthey-Schulten, Z. A.},
   year={2012},
   chapter={12},
   pages={213-238},
   editor={Leontis, N. and Westhof, E.},
   title={{R}{N}{A} 3{D} Structure Analysis and Prediction},
   year=2012,
   chapter=12,
   chapter={{Molecular dynamics simulations and visualization of dynamics in RNA:protein complexes}}
}

%% ------------ 2011 ----------------- %%

@Article{Assaf2011dts,
   author={Assaf, Michael and Roberts, Elijah and Luthey-Schulten, Zaida},
   title={{Determining the stability of genetic switches: explicitly accounting for mRNA noise}},
   Journal={{Phys. Rev. Lett.}},
   Year="2011",
   Volume="106",
   Number="24",
   Pages="248102",
   Month="Jun"
}

@InBook{Eargle2011mds,
   author={{J. Eargle and Z. A. Luthey-Schulten}},
   editor={N. Leontis and E. Westhof},
   title={{RNA 3D Structure Analysis and Prediction}},
   chapter=12,
   chapter={{Molecular dynamics simulations and visualization of dynamics in RNA:protein complexes}},
   year={2011}
}

@Article{Roberts2011nci,
   author={Roberts, Elijah and Magis, Andrew and Ortiz, Julio O. and Baumeister, Wolfgang and Luthey-Schulten, Zaida},
   title={{Noise contributions in an inducible genetic switch: A whole-cell simulation study}},
   Journal={{PLoS Comput. Biol.}},
   Year="2011",
   Volume="7",
   Number="3",
   Pages="e1002010",
   Month="Mar"
}

@article{Li2011noa,
author = {Li, Li and Boniecki, Michal T. and Jaffe, Jacob D. and Imai, Brian S. and Yau, Peter M. and Luthey-Schulten, Zaida A. and Martinis, Susan A.},
title = {Naturally occurring aminoacyl-t{R}{N}{A} synthetases editing-domain mutations that cause mistranslation in {M}ycoplasma parasites},
volume = {108},
number = {23},
pages = {9378-9383},
year = {2011},
doi = {10.1073/pnas.1016460108},
URL = {http://www.pnas.org/content/108/23/9378.abstract},
eprint = {http://www.pnas.org/content/108/23/9378.full.pdf+html},
journal = PNAS
}

@article{Black2010esf,
title = "Exit Strategies for Charged t{R}{N}{A} from {G}lu{R}{S}",
journal = JMB,
volume = "397",
number = "5",
pages = "1350 - 1371",
year = "2010",
note = "",
issn = "0022-2836",
doi = "DOI: 10.1016/j.jmb.2010.02.003",
url = "http://www.sciencedirect.com/science/article/pii/S0022283610001336",
author = {Alexis Black Pyrkosz and John Eargle and Anurag Sethi and Zaida Luthey-Schulten},
keywords = "glutamyl-tRNA synthetase",
keywords = "dissociation",
keywords = "free energy of binding",
keywords = "molecular dynamics simulation",
keywords = "network analysis"
}


%% ------------ 2010 entries ----------------- %%

@article{Chen2010fro,
title = {{Functional role of ribosomal signatures}},
journal = BJ,
volume = "99",
number = "12",
pages = "3930 - 3940",
year = "2010",
note = "",
issn = "0006-3495",
doi = "DOI: 10.1016/j.bpj.2010.09.062",
url = "http://www.sciencedirect.com/science/article/pii/S0006349510012130",
author = {Chen, K. and Eargle, J. and Sarkar, K. and Gruebele, M. and Luthey-Schulten, Z.}
}

@article{Trabuco2010tro,
title = {The role of {L1} stalk-t{R}{N}{A} interaction in the ribosome elongation cycle},
journal = JMB,
volume = "402",
number = "4",
pages = "741 - 760",
year = "2010",
author = {Leonardo G. Trabuco and Eduard Schreiner and John Eargle and Peter Cornish and Taekjip Ha and Zaida Luthey-Schulten and Klaus Schulten},
note = "",
issn = "0022-2836",
doi = "DOI: 10.1016/j.jmb.2010.07.056",
url = "http://www.sciencedirect.com/science/article/pii/S0022283610008326",
keywords = "translocation",
keywords = "modified ribonucleosides",
keywords = "flexible fitting",
keywords = "MDFF"
}

@article{Eargle2008dor,
title = {Dynamics of Recognition between {tRNA} and Elongation Factor {T}u},
journal = JMB,
volume = "377",
number = "5",
pages = "1382 - 1405",
year = "2008",
note = "",
issn = "0022-2836",
doi = "DOI: 10.1016/j.jmb.2008.01.073",
url = "http://www.sciencedirect.com/science/article/pii/S0022283608001290",
author = "John Eargle and Alexis A. Black and Anurag Sethi and Leonardo G. Trabuco and Zaida Luthey-Schulten",
keywords = "elongation factor Tu",
keywords = "tRNA",
keywords = "evolution",
keywords = "molecular dynamics",
keywords = "MM-PBSA"
}

@Article{Alexander2010eac,
   author={Alexander, Rebecca and Eargle, John and Luthey-Schulten, Zaida},
   title={{Experimental and computational determination of tRNA dynamics}},
   Journal=FEBS,
   volume={584},
   number={2},
   pages={376--386},
   year="2010"
}

@Article{Mathew2010iom,
   author="D. Mathew and Z. A. Luthey-Schulten",
   title="{Influence of Montmorillonite on Nucleotide Oligomerization Reactions: A Molecular Dynamics Study}",
   Journal="{Orig. Life Evol. Biosph.}",
   year="2010",
   volume={40},
   pages={303-317}
}


%% ------------ 2009 entries ----------------- %%

@Article{Chen2009hgt,
   author={Chen, Ke and Roberts, Elijah and Luthey-Schulten, Zaida},
   title={{Horizontal gene transfer of zinc and non-zinc forms of bacterial ribosomal protein S4}},
   Journal=BMCEB,
   year="2009",
   volume={9},
   pages={179--195}, 
}

@Article{Roberts2009lts,
   author={Roberts, Elijah and Stone, John E and Sepulveda, Leonardo and Hwu, Wen-Mei W and Luthey-Schulten, Zaida},
   title={{Long time-scale simulations of {\it in vivo} diffusion using GPU hardware}},
   Journal={{The Eighth IEEE International Workshop on High-Performance Computational Biology}},
   year="2009",
   month="May",
}

@Article{Sethi2009dni,
  author={Sethi, Anurag and Eargle, John and Black, Alexis A and Luthey-Schulten, Zaida},
  title={{Dynamical networks in tRNA: protein complexes}},
  author={Sethi, A. and Eargle, J. and Black, A.A. and Luthey-Schulten, Z.},
  journal=PNAS,
  Volume={106},
  number={16},
  pages={6620},
  year={2009},
  publisher={National Acad Sciences}
}

%% ------------ 2008 entries ----------------- %%

@Article{Roberts2008mso,
  title={{Molecular signatures of ribosomal evolution}},
  author={Roberts, E. and Sethi, A. and Montoya, J. and Woese, C.R. and Luthey-Schulten, Z.},
  journal=PNAS,
  volume={105},
  number={37},
  pages={13953--13958},
  year={2008},
  publisher={National Acad Sciences}
}

@Article{Mathew2008otp,
  title={{On the Physical Basis of the Amino Acid Polar Requirement}},
  author={Mathew, D.C. and Luthey-Schulten, Z.},
  journal=JME,
  volume={66},
  number={5},
  pages={519--528},
  year={2008},
  publisher={Springer}
}

@Article{Eargle2008dor,
  author="Eargle, John and Black, Alexis A and Sethi, Anurag and Trabuco, Leonardo G and Luthey-Schulten, Zaida",
  title={{D}ynamics of recognition between t{R}{N}{A} and elongation factor {T}u},
  Journal=JMB,
  year={2008},
  volume={377},
  number="5",
  pages="1382--1405",
  month="Apr"
}

%% ------------ 2007 entries ----------------- %%

% 101157530 (JID)
@Article{Pogorelov2007cce,
   Author="Pogorelov, Taras V and Autenrieth, Felix and Roberts, Elijah and Luthey-Schulten, Zaida A",
   Title="{{C}ytochrome $c_{2}$ exit strategy: dissociation studies and evolutionary implications}",
   Journal=JPCB,
   Year="2007",
   Volume="111",
   Number="3",
   Pages="618--634",
   Month="Jan"
}

% 0370623 (JID)
@Article{Amaro2007ano,
   Author="Amaro, Rommie E and Sethi, Anurag and Myers, Rebecca S and Davisson, V Jo and Luthey-Schulten, Zaida A",
   Title="{{A} network of conserved interactions regulates the allosteric signal in a glutamine amidotransferase}",
   Journal=BCH,
   Year="2007",
   Volume="46",
   Number="8",
   Pages="2156--2173",
   Month="Feb"
}

%% ------------ 2006 entries ----------------- %%

% 100965194 (JID)
@Article{Roberts2006mus,
   Author="Roberts, Elijah and Eargle, John and Wright, Dan and Luthey-Schulten, Zaida",
   Title="{{M}ulti{S}eq: unifying sequence and structure data for evolutionary analysis}",
   Journal=BMCBINF,
   Year="2006",
   Volume="7",
   Pages="382",
   Month="Aug"
}

@misc{Roberts2006eob,
    Author="Roberts, Elijah and Eargle, John and Wright, Dan and Dhaliwal, Brijeet and Sethi, Anurag and O'Donoghue, Patrick and Luthey-Schulten, Zaida",
    Title="{Evolution of biomolecular structure}",
    Note="{http://www.scs.uiuc.edu/{\verb+~+}schulten/tutorials/evolution}",
    Year="2006"
}

@Article{Eargle2006vtd,
  author="Eargle, John and Luthey-Schulten, Zaida",
  title="{Visualizing the dual space of biological molecules}",
  journal=CBAC,
  year="2006",
  volume="30",
  pages="219--226",
  month="Jun"
}

@Article{Eargle2006mao,
   Author="Eargle, John and Wright, Dan and Luthey-Schulten, Zaida",
   Title="{Multiple Alignment of protein structures and sequences for {V}{M}{D}}",
   Journal=BINF,
   Year="2006",
   Volume="22",
   Number="4",
   Pages="504--506",
   Month="Feb"
}

%% ------------ 2005 entries ----------------- %%

@Article{Odonoghue2005teh,
   Author="O'Donoghue, Patrick and Sethi, Anurag and Woese, Carl R and Luthey-Schulten, Zaida A",
   Title="{The evolutionary history of {C}ys-t{R}{N}{A}$^{{\scriptsize \textrm{Cys}}}$ formation}",
   Journal=PNAS,
   Year="2005",
   Volume="102",
   Number="52",
   Pages="19003--19008",
   Month="Dec"
}

@Article{Myers2005rct,
   Author="Myers, Rebecca S and Amaro, Rommie E and Luthey-Schulten, Zaida A and Davisson, V Jo",
   Title="{{R}eaction coupling through interdomain contacts in imidazole glycerol phosphate synthase}",
   Journal=BCH,
   Year="2005",
   Volume="44",
   Number="36",
   Pages="11974--11985",
   Month="Sep"
}

@Article{Amaro2005sei,
   Author="Amaro, Rommie E and Myers, Rebecca S and Davisson, V Jo and Luthey-Schulten, Zaida A",
   Title="{{S}tructural elements in {I}{G}{P} synthase exclude water to optimize ammonia transfer}",
   Journal=BJ,
   Year="2005",
   Volume="89",
   Number="1",
   Pages="475--487",
   Month="Jul"
}

@Article{Sethi2005epf,
   Author="Sethi, Anurag and O'Donoghue, Patrick and Luthey-Schulten, Zaida",
   Title="{{E}volutionary profiles from the {Q}{R} factorization of multiple sequence alignments}",
   Journal=PNAS,
   Year="2005",
   Volume="102",
   Number="11",
   Pages="4045--4050",
   Month="Mar"
}

@Article{Odonoghue2005epd,
   Author="O'Donoghue, Patrick and Luthey-Schulten, Zaida",
   Title="{{E}volutionary profiles derived from the {Q}{R} factorization of multiple structural alignments gives an economy of information}",
   Journal=JMB,
   Year="2005",
   Volume="346",
   Number="3",
   Pages="875--894",
   Month="Feb"
}

%% ------------ 2004 entries ----------------- %%

@inproceedings{Sethi2004epd,
         author ={A. Sethi and J. Eargle and P. O'Donoghue and T. Pogorelov and R. Amaro and Z. Luthey-Schulten},
         title  ="{{E}volutionary profiles derived from {Q}{R} factorization of multiple sequence and structural alignments}",
         booktitle={CASP6 Abstracts},
         year   =2004,
         pages  ={134--135}
}

@article{Autenrieth2004row,
         author ={Felix Autenrieth and Emad Tajkhorshid and Klaus Schulten and Zaida Luthey-Schulten},
         title  ={{R}ole of water in transient cytocrome $c_{2}$ docking},
         journal=JPCB,
         volume =108,
         pages  ={20376--20387},
         year   =2004

}

@article{Amaro2004mds,
         author ={Rommie Amaro and Zaida Luthey-Schulten},
         journal=CP,
         title  ={{M}olecular dynamics simulations of substrate channeling through an alpha-beta barrel protein},
         volume =307,
         pages={147--155},
         year   =2004

}

@article{Autenrieth2004cff,
         author ={Felix Autenrieth and Emad Tajkhorshid and Jerome Baudry  and Zaida Luthey-Schulten},
         journal=JCC,
         title  ={{C}lassical force field parameters for the heme prosthetic group of cytochrome c},
         volume =25,
         pages={1613--1622},
         year   =2004
}

@article{Pogorelov2004vit,
         author ={Taras V. Pogorelov and Zaida Luthey-Schulten},
         journal=BJ,
         title  ={{V}ariations in the fast folding rates of the lambda-repressor: a hybrid molecular dynamics study},
         volume =87,
         pages={207--214},
         year   =2004

}

@article{Papoian2004wip,
  author={G.A. Papoian and J. Ulander and M.P. Eastwood and Z. Luthey-Schulten and P.G. Wolynes},
  title={{W}ater in protein structure prediction},
  journal=PNAS,
  volume={101},
  year=2004,
  pages={3352--3357}
}

@article{Fujisuka2004ope,
  author={Y. Fujisuka and S. Takada and Z. Luthey-Schulten and P.G. Wolynes},
  title={{O}ptimizing physical energy functions for protein folding},
  journal=PSFB,
  volume={54},
  year=2004,
  pages={88--103}
}


%% ------------ 2003 entries ----------------- %%

@article{Odonoghue2003ote,
  author={P. O'Donoghue and Z. Luthey-Schulten},
  title={{O}n the evolution of structure in the aminocyl-t{R}{N}{A} synthetases},
  journal=MMBR,
  volume =67,
  pages={550--573},
  year={2003}

}

@article{Amaro2003dae,
         author ={Rommie Amaro and Emad Tajkhorshid and Zaida Luthey-Schulten},
         journal=PNAS,
         title  ={{D}eveloping an energy landscape for the novel function of an alpha-beta barrel:  ammonia conduction through {H}is{F}},
         volume =100,
         year   =2003,
         pages  ={7599--7604}
}

@article{Hardin2003amh,
  author={C. Hardin and M. Eastwood and M. Prentiss and Z. Luthey-Schulten and P.G. Wolynes},
  title={Associative Memory Hamiltonians for Structure Prediction without Homology: Alpha/Beta Proteins},
  journal=PNAS,
  volume={100},
  year=2003,
  pages={1679--1684}
}

@article{Eastwood2003smr,
  author={M. Eastwood and C. Hardin and Z. Luthey-Schulten and P.G. Wolynes},
  title={Statistical Mechanical Refinement of Protein Structure Prediction Schemes II: Mayer Cluster Expansion Approach},
  journal=JPC,
  volume={118},
  year=2003,
  pages={8500--8512}
}

@article{Wang2003ito,
         author ={J. Wang and Z. Luthey-Schulten and K. Suslick},
         journal=PNAS,
         title  ={Is the olfactory receptor a metalloprotein},
         volume =100,
         year   =2003,
         pages  ={3035--3039}
}

%% ------------ 2002 entries ----------------- %%

@article{Eastwood2002smr,
  author={M. Eastwood and C. Hardin and Z. Luthey-Schulten and P.G. Wolynes},
  title={Statistical Mechanical Refinement of Protein Structure Prediction Schemes: Cumulant Expansion Approach},
  journal=JPC,
  volume={117},
  year=2002,
  pages={4602--4615}
}

@article{Hardin2002fft,
         author ={C Hardin and M P Eastwood and M Prentiss and Z Luthey-Schulten and P G Wolynes},
         journal=JCC,
         title  ={Folding Funnels: The Key to Robust Protein Structure Prediction},
         volume =23,
         year   =2002,
         pages  ={138--146}
}

@article{Hardin2002aip,
         author ={C. Hardin and T. V. Pogorelov and Z. Luthey-Schulten},
         journal=COSB,
         title  ={Ab Initio protein structure prediction},
         volume =12,
         year   =2002,
         pages  ={176--181}
}

%% ------------ 2001 entries ----------------- %%

@article{Odonoghue2001ots,
  author={P. O'Donoghue and  R. Amaro and Z. Luthey-Schulten},
  title={On the Structure of his{H}: Protein Structure Prediction in the Context of Structural and Functional Genomics},
  journal=JSB,
  volume={134},
  year=2001,
  pages={257--268}
}


@article{Eastwood2001eps,
         author ={M P Eastwood and C Hardin and Z Luthey-Schulten and P G Wolynes},
         journal=IBMJRD,
         title  ={Evaluating protein structure-prediction schemes using energy landscape theory},
         volume =45,
         year   =2001,
         pages  ={475--497}
}

%% ------------ 2000 entries ----------------- %%

@article{Hardin2000amh,
         author ={Corey Hardin and Michael Eastwood and Zaida Luthey-Schulten and Peter Wolynes},
         journal=PNAS,
         title  ={Associative memory Hamiltonians for structure prediction without homology: Alpha-helical proteins},
         volume =97,
         year   =2000,
         pages  ={14235--14240}
}


@article{Odonoghue2000btf,
  author={P. O'Donoghue and Z.A. Luthey-Schulten},
  title={Barriers to forced transitions in polysaccharides},
  journal=JPCB,
  volume={104},
  year=2000,
  pages={10398--10405}
}

%% ------------ 1999 entries ----------------- %%

@article{Takada1999fdw,
         author ={Shoji Takada and Zaida Luthey-Schulten and Peter Wolynes},
         journal=JCP,
         title  ={Folding Dynamics with nonadditive forces: A simulation study of a designed helical protein and a random heteropolymer},
         volume =110,
         year   =1999,
         pages  ={11616--11629}
}

@article{Hardin1999bdf,
         author ={Corey Hardin and Zaida Luthey-Schulten and Peter Wolynes},
         journal=PSFG,
         title  ={Backbone dynamics, fast folding, and secondary structure formation in helical proteins and peptides},
         volume =34,
         year   =1999,
         pages  ={281--294}
}

%% ------------ 1998 entries ----------------- %%

@article{Koretke1998sco,
         author ={K.K. Koretke and Zaida Luthey-Schulten and Peter Wolynes},
         journal=PNAS,
         title  ={Self-consistently optimized energy functions for structure prediction by molecular dynamics},
         volume =95,
         year   =1998,
         pages  ={2932--2937}
}

%% ------------ 1997 entries ----------------- %%

@article{Panchenko1997tfu,
  author={A.R. Panchenko and Z. Luthey-Schulten and R. Cole and P.G. Wolynes},
  title={The Foldon Universe: A Survey of Structural Similarity and Self-Recognition of Independently Folding Units},
  journal=JMB,
  volume={272},
  year=1997,
  pages={95--105}
}

@article{Panchenko1997fai,
  author={A.R. Panchenko and Z. Luthey-Schulten and P.G. Wolynes},
  title={Foldons as independent folding units of proteins},
  journal=PD,
  volume={107},
  year=1997,
  pages={312--315}
}

@article{Onuchic1997top,
  author={Jose Onuchic and Z. Luthey-Schulten and Peter G. Wolynes},
  title={Theory of protein folding: the energy landscape perspective},
  journal=ARP,
  volume={48},
  year=1997,
  pages={545--600}
}

@article{Haney1997tai,
         author ={P. Haney and J. Konisky and K.K. Koretke and Zaida Luthey-Schulten and Peter G. Wolynes},
         journal=PSFG,
         title  ={Thermostability and identification of potential active site residues for adenylate kinases from the archael genus methanococcus},
         volume =28,
         year   =1997,
         pages  ={117--130}
}

%% ------------ 1996 entries ----------------- %%

@article{Onuchic1996pff,
  author={Jose N. Onuchic and N.D. Socci and Z. Luthey-Schulten and Peter G. Wolynes},
  title={Protein folding funnels - the nature of the transition state ensemble},
  journal={Folding \& Design},
  volume={1},
  year=1996,
  pages={441--450}
}

@article{Wolynes1996ffe,
  author={Peter G. Wolynes  and Z. Luthey-Schulten and Jose N. Onuchic},
  title={Fast folding experiments and the topology of protein folding energy landscapes},
  journal={Chemistry \& Biology},
  volume={3},
  year=1996,
  pages={425--432}
}

@article{Koretke1996sco,
         author ={K.K. Koretke and Zaida Luthey-Schulten and Peter Wolynes},
         journal=PS,
         title  ={Self-consistently optimized statistical mechanical energy functions for sequence strucutre alignment},
         volume =5,
         year   =1996,
         pages  ={1043--1059}
}

@article{Panchenko1996fps,
  author={A.R. Panchenko and Z. Luthey-Schulten and R. Cole and P.G. Wolynes},
  title={Foldons, protein structure modules, and exons},
  journal=PNAS,
  volume={93},
  year=1996,
  pages={2008--2013}
}

%% ------------ 1995 and older entries ----------------- %%

@article{Onuchic1995tao,
  author={Jose N. Onuchic and Peter G. Wolynes and Z. Luthey-Schulten and N.D. Socci  },
  title={Towards an outline of the topography of a realistic protein-folding funnel },
  journal=PNAS,
  volume={92},
  year=1995,
  pages={3626--3630}
}

@article{Luthey1995hcl,
  author={Z. Luthey-Schulten and B.E. Ramirez and P.G. Wolynes},
  title={Helix-coil, liquid crystal, and spin glass transitions of a collapsed heteropolymer},
  journal=JPC,
  volume={99},
  year=1995,
  pages={2177--2185}
}

@article{Goldstein19933dm,
  author={R.A. Goldstein and J.A. Katzenellenbogen and Z.A. Luthey-Schulten and D.A. Seielstad and Peter G. Wolynes },
  title={3-dimensional model for the hormone binding domains of steroid receptors },
  journal=PNAS,
  volume={90},
  year=1993,
  pages={9949--9953}
}
